@ARTICLE {graves-1995, 
	AUTHOR = {Graves, M. and Bergeman, E.R. and Lawrence, C.B.}, 
	JOURNAL = {Engineering in Medicine and Biology Magazine, IEEE}, 
	TITLE = {Graph database systems}, 
	YEAR = {1995},
	volume = {14}, 
	number = {6}, 
	PAGES = {737--745}, 
	ISSN = {0739--5175}}
