@BBREPORT{REPORT:1,
    author      = "boston beers",
    TITLE       = "Consolidated Income Statement Data, Annual Report",
    PUBLISHER   = "Boston Beer Company Annual Report",
    PAGES       = "27",
    year        = "2017"
}
