% Encoding: UTF-8

@Misc{tunnels,
  author    = {Scott Wiersdorf},
  title     = {An Illustrated Guide to SSH Tunnels},
  month     = aug,
  year      = {2015},
  groups    = {web sites},
  keywords  = {system administration, ssh, security, featured},
  owner     = {Scott Wiersdorf},
  timestamp = {2019-08-15},
  url       = {https://solitum.net/an-illustrated-guide-to-ssh-tunnels/},
}

@InBook{asyncmsg,
  chapter   = {Chapter 2: understanding messaging},
  pages     = {288 pages},
  title     = {Rabbitmq In Action: Distributed Messaging For Everyone},
  publisher = {Manning Publications},
  year      = {2012},
  author    = {Alvaro Videla and Jason J. W. Williams},
  isbn      = {1935182978, 9781935182979},
  groups    = {books},
}

@InBook{ocdi,
  chapter   = {Chapter II: Agile Design},
  pages     = {529 pages},
  title     = {Agile Software Development: Principles, Patterns, and Practices},
  publisher = {Pearson Prentice Hall},
  year      = {2011},
  author    = {Robert C. Martin},
  series    = {Alan Apt Series},
  isbn      = {0132760584, 9780132760584},
  groups    = {books},
}

@InBook{manstate,
  chapter   = {Chapter 2: Horizontally Scaling Compute Pattern},
  pages     = {182 pages},
  title     = {Cloud Architecture Patterns: Using Microsoft Azure},
  publisher = {O'Reilly Media, Inc},
  year      = {2012},
  author    = {Bill Wilder},
  isbn      = {1449357997, 9781449357993},
  groups    = {books},
}

@InBook{dnslookup,
  chapter   = {Chapter I: Reduce DNS lookups},
  pages     = {529 pages},
  title     = {Agile Software Development: Principles, Patterns, and Practices},
  publisher = {Pearson Prentice Hall},
  year      = {2011},
  author    = {Robert C. Martin},
  series    = {Alan Apt Series},
  isbn      = {0132760584, 9780132760584},
  groups    = {books},
}

@InBook{dataintensive,
  chapter   = {Chapter 6: Distributed Data},
  pages     = {616 pages},
  title     = {Designing Data-Intensive Applications: The Big Ideas Behind Reliable, Scalable, and Maintainable Systems},
  publisher = {O'Reilly Media, Inc.},
  year      = {2017},
  author    = {Martin Kleppmann},
  isbn      = {1491903112, 9781491903117},
  groups    = {books},
}

@Misc{rabbitmq,
  author    = {Pivotal},
  title     = {RabbitMQ server documentation},
  month     = oct,
  year      = {2019},
  groups    = {web sites},
  owner     = {Pivotal},
  timestamp = {2019-07-21},
  url       = {http://next.rabbitmq.com/admin-guide.html},
}

@Misc{aws,
  author    = {AWS},
  title     = {AWS Documentation},
  month     = aug,
  year      = {2019},
  groups    = {web sites},
  keywords  = {ec2, s3, iam, cloudformation, rds, elasticache},
  timestamp = {2019-08-01},
  url       = {https://docs.aws.amazon.com/},
}

@Misc{docker,
  author    = {Docker Inc},
  title     = {Documentation},
  month     = jun,
  year      = {2019},
  groups    = {web sites},
  keywords  = {docker,container,compose,services},
  timestamp = {2019-06-10},
  url       = {https://docs.docker.com/},
}

@Misc{microgeneral,
  author       = {Chris Richardson},
  title        = {What are microservices},
  howpublished = {Kong},
  year         = {2019},
  groups       = {web sites},
  keywords     = {microservices, patterns, monolithic, events},
  timestamp    = {2019-09-05},
  url          = {https://microservices.io/},
}

@Book{antimicro,
  title     = {Microservices Patterns: With Examples in Java},
  publisher = {Manning Publications},
  year      = {2019},
  author    = {Chris Richardson},
  isbn      = {1617294543, 9781617294549},
  groups    = {books},
  pages     = {490 pages},
}

@InProceedings{consisthash,
  author    = {Karger, David and Lehman, Eric and Leighton, Tom and Panigrahy, Rina and Levine, Matthew and Lewin, Daniel},
  title     = {Consistent Hashing and Random Trees: Distributed Caching Protocols for Relieving Hot Spots on the World Wide Web},
  booktitle = {Proceedings of the Twenty-ninth Annual ACM Symposium on Theory of Computing},
  year      = {1997},
  series    = {STOC '97},
  pages     = {654--663},
  address   = {New York, NY, USA},
  publisher = {ACM},
  acmid     = {258660},
  doi       = {10.1145/258533.258660},
  groups    = {white papers},
  isbn      = {0-89791-888-6},
  location  = {El Paso, Texas, USA},
  numpages  = {10},
  url       = {http://doi.acm.org/10.1145/258533.258660},
}

@Misc{dataengr,
  author    = {Maxime Beauchemin},
  title     = {The Rise of the Data Engineer},
  month     = jan,
  year      = {2017},
  groups    = {web sites},
  keywords  = {data science},
  timestamp = {2019-09-01},
  url       = {https://www.freecodecamp.org/news/the-rise-of-the-data-engineer-91be18f1e603/},
}

@Misc{datasci,
  author   = {Monica Rogati},
  title    = {The AI Hierarchy of Needs},
  month    = {June},
  year     = {2017},
  groups   = {web sites},
  keywords = {data collection, etl, data science},
  url      = {https://hackernoon.com/the-ai-hierarchy-of-needs-18f111fcc007},
}

@InProceedings{netarchive,
  author    = {Jaffe, Elliot and Kirkpatrick, Scott},
  title     = {Architecture of the Internet Archive},
  booktitle = {Proceedings of SYSTOR 2009: The Israeli Experimental Systems Conference},
  year      = {2009},
  series    = {SYSTOR '09},
  pages     = {11:1--11:10},
  address   = {New York, NY, USA},
  publisher = {ACM},
  acmid     = {1534545},
  articleno = {11},
  doi       = {10.1145/1534530.1534545},
  groups    = {white papers},
  isbn      = {978-1-60558-623-6},
  location  = {Haifa, Israel},
  numpages  = {10},
  url       = {http://doi.acm.org/10.1145/1534530.1534545},
}

@InProceedings{contentExtract,
  author    = {Peters, Matthew E. and Lecocq, Dan},
  title     = {Content Extraction Using Diverse Feature Sets},
  booktitle = {Proceedings of the 22Nd International Conference on World Wide Web},
  year      = {2013},
  series    = {WWW '13 Companion},
  pages     = {89--90},
  address   = {New York, NY, USA},
  publisher = {ACM},
  acmid     = {2487828},
  doi       = {10.1145/2487788.2487828},
  groups    = {white papers},
  isbn      = {978-1-4503-2038-2},
  keywords  = {boilerplate removal, content extraction, template detection},
  location  = {Rio de Janeiro, Brazil},
  numpages  = {2},
  url       = {http://doi.acm.org/10.1145/2487788.2487828},
}

@InProceedings{dedupe,
  author    = {Manku, Gurmeet Singh and Jain, Arvind and Das Sarma, Anish},
  title     = {Detecting Near-duplicates for Web Crawling},
  booktitle = {Proceedings of the 16th International Conference on World Wide Web},
  year      = {2007},
  series    = {WWW '07},
  pages     = {141--150},
  address   = {New York, NY, USA},
  publisher = {ACM},
  acmid     = {1242592},
  doi       = {10.1145/1242572.1242592},
  groups    = {white papers},
  isbn      = {978-1-59593-654-7},
  keywords  = {fingerprint, hamming distance, near-duplicate, search, similarity, sketch, web crawl, web document},
  location  = {Banff, Alberta, Canada},
  numpages  = {10},
  url       = {http://doi.acm.org/10.1145/1242572.1242592},
}

@Misc{cidr,
  author    = {Fuller, V. and Li, T. and Yu, J. and Varadhan, K.},
  title     = {Classless Inter-Domain Routing (CIDR): An Address Assignment and Aggregation Strategy},
  year      = {1993},
  address   = {United States},
  groups    = {white papers},
  publisher = {RFC Editor},
}

@InProceedings{swheritage,
  author    = {Roberto Di Cosmo and Stefano Zacchiroli},
  title     = {Software Heritage: Why and How to Preserve Software Source Code},
  booktitle = {iPRES 2017: 14th International Conference on Digital Preservation},
  year      = {2017},
  address   = {Kyoto, Japan},
  date      = {2017-09-25},
  groups    = {white papers},
  pubstate  = {published},
  tppubtype = {inproceedings},
  url       = {https://hal.archives-ouvertes.fr/hal-01590958
https://hal.archives-ouvertes.fr/hal-01590958/file/ipres-2017-software-heritage.pdf},
}

@Book{microservices,
  title     = {Building Microservices: Designing Fine-Grained Systems},
  publisher = {O'Reilly Media, Inc.},
  year      = {2015},
  author    = {Sam Newman},
  isbn      = {1491950331, 9781491950333},
  groups    = {books},
}

@InProceedings{chubby,
  author    = {Burrows, Mike},
  title     = {The Chubby Lock Service for Loosely-coupled Distributed Systems},
  booktitle = {Proceedings of the 7th Symposium on Operating Systems Design and Implementation},
  year      = {2006},
  series    = {OSDI '06},
  pages     = {335--350},
  address   = {Berkeley, CA, USA},
  publisher = {USENIX Association},
  acmid     = {1298487},
  groups    = {white papers},
  isbn      = {1-931971-47-1},
  location  = {Seattle, Washington},
  numpages  = {16},
  url       = {http://dl.acm.org/citation.cfm?id=1298455.1298487},
}

@InProceedings{zookeeper,
  author    = {Hunt, Patrick and Konar, Mahadev and Junqueira, Flavio P. and Reed, Benjamin},
  title     = {ZooKeeper: Wait-free Coordination for Internet-scale Systems},
  booktitle = {Proceedings of the 2010 USENIX Conference on USENIX Annual Technical Conference},
  year      = {2010},
  series    = {USENIXATC'10},
  pages     = {11--11},
  address   = {Berkeley, CA, USA},
  publisher = {USENIX Association},
  acmid     = {1855851},
  groups    = {white papers},
  location  = {Boston, MA},
  numpages  = {1},
  url       = {http://dl.acm.org/citation.cfm?id=1855840.1855851},
}

@Article{lsh,
  author   = {M. {Slaney} and M. {Casey}},
  title    = {Locality-Sensitive Hashing for Finding Nearest Neighbors [Lecture Notes]},
  journal  = {IEEE Signal Processing Magazine},
  year     = {2008},
  volume   = {25},
  number   = {2},
  pages    = {128-131},
  month    = {March},
  doi      = {10.1109/MSP.2007.914237},
  groups   = {white papers},
  keywords = {cryptography;probability;random processes;locality-sensitive hashing;nearest neighbors;large databases;randomized algorithms;probability;Nearest neighbor searches;Databases;Signal processing algorithms;Buildings;Multidimensional systems;Video signal processing;Internet;Computer performance;Extraterrestrial measurements;Information retrieval},
}

@MastersThesis{blocks,
  author   = {Marc Seeger},
  title    = {Building blocks of a scalable web crawler},
  school   = {Stuttgart Media University},
  year     = {2010},
  month    = sep,
  groups   = {white papers},
  keywords = {web crawler},
  url      = {http://blog.marc-seeger.de/assets/papers/thesis_seeger-building_blocks_of_a_scalable_webcrawler.pdf},
}

@InProceedings{multicrawler,
  author    = {Harth, Andreas and Umbrich, J\"{u}rgen and Decker, Stefan},
  title     = {MultiCrawler: A Pipelined Architecture for Crawling and Indexing Semantic Web Data},
  booktitle = {Proceedings of the 5th International Conference on The Semantic Web},
  year      = {2006},
  series    = {ISWC'06},
  pages     = {258--271},
  address   = {Berlin, Heidelberg},
  publisher = {Springer-Verlag},
  acmid     = {2127065},
  doi       = {10.1007/11926078_19},
  groups    = {white papers},
  isbn      = {3-540-49029-9, 978-3-540-49029-6},
  location  = {Athens, GA},
  numpages  = {14},
  url       = {http://dx.doi.org/10.1007/11926078_19},
}

@Article{ubicrawler,
  author     = {Boldi, Paolo and Codenotti, Bruno and Santini, Massimo and Vigna, Sebastiano},
  title      = {UbiCrawler: A Scalable Fully Distributed Web Crawler},
  journal    = {Softw. Pract. Exper.},
  year       = {2004},
  volume     = {34},
  number     = {8},
  pages      = {711--726},
  month      = jul,
  issn       = {0038-0644},
  acmid      = {1045969},
  address    = {New York, NY, USA},
  doi        = {10.1002/spe.587},
  groups     = {white papers},
  issue_date = {10 July 2004},
  keywords   = {consistent hashing, distributed computing, fault tolerance, web crawling},
  numpages   = {16},
  publisher  = {John Wiley \& Sons, Inc.},
  url        = {https://doi.org/10.1002/spe.587},
}

@Article{mercator,
  author     = {Heydon, Allan and Najork, Marc},
  title      = {Mercator: A Scalable, Extensible Web Crawler},
  journal    = {World Wide Web},
  year       = {1999},
  volume     = {2},
  number     = {4},
  pages      = {219--229},
  month      = apr,
  issn       = {1386-145X},
  acmid      = {598733},
  address    = {Hingham, MA, USA},
  doi        = {10.1023/A:1019213109274},
  groups     = {white papers},
  issue_date = {1999},
  numpages   = {11},
  publisher  = {Kluwer Academic Publishers},
  url        = {https://doi.org/10.1023/A:1019213109274},
}

@Article{trends,
  author     = {Olston, Christopher and Najork, Marc},
  title      = {Web Crawling},
  journal    = {Found. Trends Inf. Retr.},
  year       = {2010},
  volume     = {4},
  number     = {3},
  pages      = {175--246},
  month      = mar,
  issn       = {1554-0669},
  acmid      = {1734789},
  address    = {Hanover, MA, USA},
  doi        = {10.1561/1500000017},
  groups     = {white papers},
  issue_date = {March 2010},
  numpages   = {72},
  publisher  = {Now Publishers Inc.},
  url        = {http://dx.doi.org/10.1561/1500000017},
}

@Book{mongodb,
  title     = {MongoDB in Action},
  publisher = {Manning},
  year      = {2015},
  author    = {Kyle Banker, Peter Bakkum, Shaun Verch, Tim Hawkins, Douglas Garrett},
  isbn      = {1617291609, 9781617291609},
  groups    = {books},
}

@Book{websitecloud,
  title     = {Host Your Web Site in the Cloud: Amazon Web Services Made Easy},
  publisher = {SitePoint},
  year      = {2009},
  author    = {Jeffrey Barr},
  series    = {Amazon web services Sitepoint Series},
  edition   = {illustrated},
  isbn      = {0980576830, 9780980576832},
  groups    = {books},
}

@Book{Gheorghe:2015:EA:2838839,
  title     = {Elasticsearch in Action},
  publisher = {Manning Publications Co.},
  year      = {2015},
  author    = {Gheorghe, Radu and Hinman, Matthew Lee and Russo, Roy},
  address   = {Greenwich, CT, USA},
  edition   = {1st},
  isbn      = {1617291625, 9781617291623},
  groups    = {books},
}

@Article{irlbot,
  author     = {Lee, Hsin-Tsang and Leonard, Derek and Wang, Xiaoming and Loguinov, Dmitri},
  title      = {IRLbot: Scaling to 6 Billion Pages and Beyond},
  journal    = {ACM Trans. Web},
  year       = {2009},
  volume     = {3},
  number     = {3},
  pages      = {8:1--8:34},
  month      = jul,
  issn       = {1559-1131},
  acmid      = {1541823},
  address    = {New York, NY, USA},
  articleno  = {8},
  doi        = {10.1145/1541822.1541823},
  groups     = {white papers},
  issue_date = {June 2009},
  keywords   = {IRLbot, crawling, large scale},
  numpages   = {34},
  publisher  = {ACM},
  url        = {http://doi.acm.org/10.1145/1541822.1541823},
}

@ARTICLE{ibm,
author={D. {Gruhl} and L. {Chavet} and D. {Gibson} and J. {Meyer} and P. {Pattanayak} and A. {Tomkins} and J. {Zien}},
journal={IBM Systems Journal},
title={How to build a WebFountain: An architecture for very large-scale text analytics},
year={2004},
volume={43},
number={1},
pages={64-77},
keywords={},
doi={10.1147/sj.431.0064},
ISSN={},
month={},
}

@InProceedings{polybot,
author={V. {Shkapenyuk} and T. {Suel}},
booktitle={Proceedings 18th International Conference on Data Engineering},
title={Design and implementation of a high-performance distributed Web crawler},
year={2002},
volume={},
number={},
pages={357-368},
keywords={Internet;information retrieval;software architecture;search engines;workstation clusters;hypermedia;high-performance distributed Web crawler;broad Web search engines;specialized search tools;indexing;analysis;robustness;flexibility;manageability;I/O performance;network resources;OS limits;network of workstations;software architecture;performance bottlenecks;Crawlers;Web search;Search engines;Indexing;Robustness;Costs;Workstations;Computer crashes;Application software;Software architecture},
doi={10.1109/ICDE.2002.994750},
ISSN={},
month={Feb},}

@inproceedings{simhash,
 author = {Charikar, Moses S.},
 title = {Similarity Estimation Techniques from Rounding Algorithms},
 booktitle = {Proceedings of the Thiry-fourth Annual ACM Symposium on Theory of Computing},
 series = {STOC '02},
 year = {2002},
 isbn = {1-58113-495-9},
 location = {Montreal, Quebec, Canada},
 pages = {380--388},
 numpages = {9},
 url = {http://doi.acm.org/10.1145/509907.509965},
 doi = {10.1145/509907.509965},
 acmid = {509965},
 publisher = {ACM},
 address = {New York, NY, USA},
} 

@Book{scalaberules,
  title     = {Scalability Rules: 50 Principles for Scaling Web Sites},
  publisher = {Pearson Education},
  year      = {2011},
  author    = {Martin L. Abbott, Michael T. Fisher},
  isbn      = {0132613980, 9780132613989},
  groups    = {books},
}

@Comment{jabref-meta: databaseType:bibtex;}

@Comment{jabref-meta: groupstree:
0 AllEntriesGroup:;
1 ExplicitGroup:web sites\;0\;;
1 ExplicitGroup:books\;0\;;
1 ExplicitGroup:white papers\;0\;;
}
